@ARTICLE{anisimov1971,
  AUTHOR = {Anisimov, A. V.},
  DATE = {1971},
  ISSN = {0023-1274},
  JOURNALTITLE = {Kibernetika (Kiev)},
  NUMBER = {4},
  PAGES = {18--24},
  TITLE = {The group languages},
}

@ARTICLE{ciobanu2016a,
  AUTHOR = {Ciobanu, Laura and Diekert, Volker and Elder, Murray},
  DATE = {2016},
  DOI = {10.1142/S0218196716500363},
  ISSN = {0218-1967},
  JOURNALTITLE = {Internat. J. Algebra Comput.},
  NUMBER = {5},
  PAGES = {843--886},
  TITLE = {Solution sets for equations over free groups are {EDT}0{L} languages},
  VOLUME = {26},
}

@ARTICLE{ciobanu2018,
  AUTHOR = {Ciobanu, Laura and Elder, Murray and Ferov, Michal},
  DATE = {2018},
  DOI = {10.1142/S0218196718500145},
  ISSN = {0218-1967},
  JOURNALTITLE = {Internat. J. Algebra Comput.},
  NUMBER = {2},
  PAGES = {309--329},
  TITLE = {Applications of {L} systems to group theory},
  VOLUME = {28},
}

@INCOLLECTION{diekert2017,
  AUTHOR = {Diekert, Volker and Elder, Murray},
  PUBLISHER = {Schloss Dagstuhl. Leibniz-Zent. Inform., Wadern},
  BOOKTITLE = {44th {I}nternational {C}olloquium on {A}utomata, {L}anguages, and {P}rogramming},
  DATE = {2017},
  PAGES = {Art. No. 96,14},
  SERIES = {LIPIcs. Leibniz Int. Proc. Inform.},
  TITLE = {Solutions of twisted word equations, {EDT}0{L} languages, and context-free groups},
  VOLUME = {80},
}

@INCOLLECTION{diekert2016,
  AUTHOR = {Diekert, Volker and Jeż, Artur and Kufleitner, Manfred},
  PUBLISHER = {Schloss Dagstuhl. Leibniz-Zent. Inform., Wadern},
  BOOKTITLE = {43rd {I}nternational {C}olloquium on {A}utomata, {L}anguages, and {P}rogramming},
  DATE = {2016},
  PAGES = {Art. No. 127,14},
  SERIES = {LIPIcs. Leibniz Int. Proc. Inform.},
  TITLE = {Solutions of word equations over partially commutative structures},
  VOLUME = {55},
}

@ARTICLE{elder2008,
  AUTHOR = {Elder, Murray and Kambites, Mark and Ostheimer, Gretchen},
  DATE = {2008},
  DOI = {10.1142/S0218196708004901},
  ISSN = {0218-1967},
  JOURNALTITLE = {Internat. J. Algebra Comput.},
  NUMBER = {8},
  PAGES = {1345--1364},
  TITLE = {On groups and counter automata},
  VOLUME = {18},
}

@ARTICLE{holt2006,
  AUTHOR = {Holt, Derek F. and Röver, Claas E.},
  DATE = {2006},
  DOI = {10.1142/S0218196706003359},
  ISSN = {0218-1967},
  JOURNALTITLE = {Internat. J. Algebra Comput.},
  KEYWORDS = {indexed-language,coword-problem},
  NUMBER = {5},
  PAGES = {985--1014},
  TITLE = {Groups with indexed co-word problem},
  VOLUME = {16},
}

@ARTICLE{holt2005,
  AUTHOR = {Holt, Derek F. and Rees, Sarah and Röver, Claas E. and Thomas, Richard M.},
  DATE = {2005},
  DOI = {10.1112/S002461070500654X},
  ISSN = {0024-6107},
  JOURNALTITLE = {J. London Math. Soc. (2)},
  NUMBER = {3},
  PAGES = {643--657},
  TITLE = {Groups with context-free co-word problem},
  VOLUME = {71},
}

@ARTICLE{lehnert2007,
  AUTHOR = {Lehnert, J. and Schweitzer, P.},
  DATE = {2007},
  DOI = {10.1112/blms/bdl043},
  ISSN = {0024-6093},
  JOURNALTITLE = {Bull. Lond. Math. Soc.},
  NUMBER = {2},
  PAGES = {235--241},
  TITLE = {The co-word problem for the {H}igman-{T}hompson group is context-free},
  VOLUME = {39},
}

@ARTICLE{muller1983,
  AUTHOR = {Muller, David E. and Schupp, Paul E.},
  DATE = {1983},
  DOI = {10.1016/0022-0000(83)90003-X},
  ISSN = {0022-0000},
  JOURNALTITLE = {J. Comput. System Sci.},
  NUMBER = {3},
  PAGES = {295--310},
  TITLE = {Groups, the theory of ends, and context-free languages},
  VOLUME = {26},
}

@ARTICLE{muller1985,
  AUTHOR = {Muller, David E. and Schupp, Paul E.},
  DATE = {1985},
  DOI = {10.1016/0304-3975(85)90087-8},
  ISSN = {0304-3975},
  JOURNALTITLE = {Theoret. Comput. Sci.},
  NUMBER = {1},
  PAGES = {51--75},
  TITLE = {The theory of ends, pushdown automata, and second-order logic},
  VOLUME = {37},
}

@ARTICLE{rozenberg1973,
  AUTHOR = {Rozenberg, Grzegorz},
  DATE = {1973},
  ISSN = {0091-7036},
  JOURNALTITLE = {Internat. J. Comput. Information Sci.},
  KEYWORDS = {E(D)T0L},
  PAGES = {311--336},
  TITLE = {Extension of tabled {OL}-systems and languages},
  VOLUME = {2},
}

@ARTICLE{sidki2000,
  AUTHOR = {Sidki, Said},
  DATE = {2000},
  DOI = {10.1007/BF02677504},
  ISSN = {1072-3374},
  JOURNALTITLE = {J. Math. Sci. (New York)},
  NOTE = {Algebra, 12},
  NUMBER = {1},
  PAGES = {1925--1943},
  TITLE = {Automorphisms of one-rooted trees: growth, circuit structure, and acyclicity},
  VOLUME = {100},
}

